
<record>
  <controlfield tag="001">1615385</controlfield>
  <datafield tag="024" ind1="7" ind2=" ">
    <subfield code="a">10.22323/1.287.0060</subfield>
    <subfield code="2">DOI</subfield>
  </datafield>
  <datafield tag="035" ind1=" " ind2=" ">
    <subfield code="9">INSPIRETeX</subfield>
    <subfield code="a">Caria:2017waj</subfield>
  </datafield>
  <datafield tag="035" ind1=" " ind2=" ">
    <subfield code="9">DESY</subfield>
    <subfield code="z">DA17-kp33w</subfield>
  </datafield>
  <datafield tag="245" ind1=" " ind2=" ">
    <subfield code="a">The Software Framework of the Belle II Silicon Vertex Detector and its Development for the 2016 Test-Beam at DESY</subfield>
  </datafield>
  <datafield tag="710" ind1=" " ind2=" ">
    <subfield code="g">Belle-II SVD</subfield>
  </datafield>
</record>

</collection>